@article{devlin2019bert,
  title={BERT: Pre-training of Deep Bidirectional Transformers for Language Understanding},
  author={Devlin, Jacob and Chang, Ming-Wei and Lee, Kenton and Toutanova, Kristina},
  journal={NAACL-HLT},
  year={2019}
}

@misc{chalk2020legalbert,
  title={Building a Named Entity Recognition Model for the Legal Domain},
  author={RelationalAI},
  year={2020},
  note={\url{https://relational.ai/resources/building-a-named-entity-recognition-model-for-the-legal-domain}}
}

@article{haddow2023germanbert,
  title={German BERT Model for Legal Named Entity Recognition},
  author={Haddow, A. and others},
  journal={arXiv},
  year={2023},
  note={\url{https://ca-roll.github.io/downloads/German_BERT_Legal_NER.pdf}}
}

@article{rakesh2013genetic,
  title={Extractive Single-Document Summarization Based on Genetic Operators and Guided Local Search},
  author={Rakesh, R. and Raja, K. B.},
  journal={Expert Systems with Applications},
  volume={40},
  number={12},
  pages={5055--5064},
  year={2013}
}

@article{al2017pso,
  title={Arabic Single-Document Text Summarization Using Particle Swarm Optimization},
  author={Al-Emari, M. and Abbass, H. A.},
  journal={Procedia Computer Science},
  volume={117},
  pages={100--107},
  year={2017}
}

@article{masry2020chartqa,
  title={ChartQA: A Benchmark for Question Answering about Charts with Visual and Logical Reasoning},
  author={Masry, A. and Long, D. and Tan, J. Q. and Joty, S. and Hoque, E.},
  journal={arXiv},
  year={2022}
}

@inproceedings{mathew2021infographicvqa,
  title={InfographicVQA},
  author={Mathew, M. and others},
  booktitle={WACV},
  year={2022}
}

@inproceedings{singh2025notall,
  title={Not All Hallucinations are Good to Throw Away in Abstractive Legal Summarization},
  author={Singh, D. and others},
  booktitle={NAACL},
  year={2025}
}

@article{anasesalu2024fastvlm,
  title={FastVLM: Efficient Vision Encoding for Vision Language Models},
  author={Vasu, P. K. A. and others},
  journal={arXiv},
  year={2024}
}

@inproceedings{karatzas2020docvqa,
  title={DocVQA: A Dataset for VQA on Document Images},
  author={Karatzas, D. and others},
  booktitle={ICDAR},
  year={2020}
}

@article{pham2025viocrvqa,
  title={ViOCRVQA: Novel Benchmark Dataset and Vision Reader for OCR-VQA in Vietnamese},
  author={Pham, H. Q. and others},
  journal={Multimedia Systems},
  year={2025}
}

@article{nguyen2018coattention,
  title={Improved Fusion by Dense Symmetric Co-Attention for VQA},
  author={Nguyen, D.-K. and Okatani, T.},
  journal={arXiv},
  year={2018}
}

@misc{souai2022nerbert,
  title={Mastering Named Entity Recognition with BERT},
  author={Souai, W.},
  journal={UBI AINLP Blog},
  year={2022},
  note={\url{https://medium.com/ubiai-nlp/mastering-named-entity-recognition-with-bert-ca8d04b67b18}}
}

@article{article2025layout,
  title={Enhancing OCR in Historical Documents with Complex Layouts},
  author={Author, A.},
  journal={Document Analysis and Recognition},
  year={2025}
}

@article{zhang2023metaheuristic,
  title={Metaheuristic Algorithms for Optimization: A Brief Review},
  author={Zhang, Y. and Li, X.},
  journal={MDPI Algorithms},
  volume={59},
  number={1},
  year={2023}
}
